@article{Suveges2015ASurveys,
    title = {{A comparative study of four significance measures for periodicity detection in astronomical surveys}},
    year = {2015},
    journal = {Monthly Notices of the Royal Astronomical Society},
    author = {S{\"{u}}veges, Maria and Guy, Leanne P. and Eyer, Laurent and Cuypers, Jan and Holl, Berry and Lecoeur-Ta{\"{i}}bi, Isabelle and Mowlavi, Nami and Nienartowicz, Krzysztof and Blanco, Diego Ordóñez and Rimoldini, Lorenzo and Ruiz, Idoia},
    number = {2},
    month = {4},
    pages = {2052--2066},
    volume = {450},
    publisher = {Oxford University Press},
    doi = {10.1093/mnras/stv719},
    issn = {13652966},
    keywords = {Methods: data analysis, Methods: statistical, Stars: variables: general}
}

@article{Aigrain2012APhotometry,
    title = {{A simple method to estimate radial velocity variations due to stellar activity using photometry}},
    year = {2012},
    journal = {Monthly Notices of the Royal Astronomical Society},
    author = {Aigrain, S. and Pont, F. and Zucker, S.},
    number = {4},
    month = {2},
    pages = {3147--3158},
    volume = {419},
    doi = {10.1111/j.1365-2966.2011.19960.x},
    issn = {00358711},
    arxivId = {1110.1034},
    keywords = {Methods: data analysis, Planetary systems, Stars: individual: HD189733, Sun: activity, Techniques: photometric, Techniques: radial velocities}
}

@article{Carolo2014A200466,
    title = {{A vigorous activity cycle mimicking a planetary system in HD 200466}},
    year = {2014},
    journal = {Astronomy and Astrophysics},
    author = {Carolo, E. and Desidera, S. and Gratton, R. and Martinez Fiorenzano, A. F. and Marzari, F. and Endl, M. and Mesa, D. and Barbieri, M. and Cecconi, M. and Claudi, R. U. and Cosentino, R. and Scuderi, S.},
    volume = {567},
    publisher = {EDP Sciences},
    doi = {10.1051/0004-6361/201323102},
    issn = {14320746},
    keywords = {Binaries: visual, Stars: abundances, Stars: activity, Stars: individual: HD 200466, Techniques: high angular resolution, Techniques: radial velocities}
}

@techreport{Guzik2021ChallengesModeling,
    title = {{Challenges in Cepheid Evolution and Pulsation Modeling}},
    year = {2021},
    author = {Guzik, Joyce A and Jackiewicz, Jason and Evans, Nancy R},
    url = {https://www.astro.utoronto.ca/DDO/research/cepheid}
}

@article{Wang2022CharacterizingVelocities,
    title = {{Characterizing and Mitigating the Impact of Telluric Absorption in Precise Radial Velocities}},
    year = {2022},
    journal = {The Astronomical Journal},
    author = {Wang, Sharon Xuesong and Latouf, Natasha and Plavchan, Peter and Cale, Bryson and Blake, Cullen and Artigau, Étienne and Lisse, Carey M. and Gagn{\'{e}}, Jonathan and Crass, Jonathan and Tanner, Angelle},
    number = {5},
    month = {11},
    pages = {211},
    volume = {164},
    publisher = {American Astronomical Society},
    doi = {10.3847/1538-3881/ac947a},
    issn = {0004-6256}
}

@article{Wang2022CharacterizingVelocitiesb,
    title = {{Characterizing and Mitigating the Impact of Telluric Absorption in Precise Radial Velocities}},
    year = {2022},
    journal = {The Astronomical Journal},
    author = {Wang, Sharon Xuesong and Latouf, Natasha and Plavchan, Peter and Cale, Bryson and Blake, Cullen and Artigau, Étienne and Lisse, Carey M. and Gagn{\'{e}}, Jonathan and Crass, Jonathan and Tanner, Angelle},
    number = {5},
    month = {11},
    pages = {211},
    volume = {164},
    publisher = {American Astronomical Society},
    doi = {10.3847/1538-3881/ac947a},
    issn = {0004-6256}
}

@phdthesis{Anderson2009ClassicalRotation,
    title = {{Classical Cepheids: High-precision Velocimetry, Cluster Membership, and the Effect of Rotation}},
    year = {2009},
    author = {Anderson, Richard I.},
    school = {University de Gen{\`{e}}ve},
    doi = {10.13097/archive-ouverte/unige:35356}
}

@article{Gullikson2014CorrectionCode,
    title = {{Correction for Telluric Absorption: Methods, Case Studies and the Telfit Code}},
    year = {2014},
    author = {Gullikson, Kevin and Dodson-Robinson, Sarah and Kraus, Adam},
    url = {http://www.rtweb.aer.com/lblrtm_description.html},
    arxivId = {1406.6059v1},
    keywords = {Subject headings, general, spectroscopic-stars, techniques}
}

@article{Suveges2014Extreme-valuePeaks,
    title = {{Extreme-value modelling for the significance assessment of periodogram peaks}},
    year = {2014},
    journal = {Monthly Notices of the Royal Astronomical Society},
    author = {S{\"{u}}veges, M.},
    number = {3},
    pages = {2099--2114},
    volume = {440},
    publisher = {Oxford University Press},
    doi = {10.1093/mnras/stu372},
    issn = {13652966},
    keywords = {Methods: data analysis, Methods: statistical, Stars: variables: general}
}

@article{Huo2016FastCovariance,
    title = {{Fast Computing for Distance Covariance}},
    year = {2016},
    journal = {Technometrics},
    author = {Huo, Xiaoming and Sz{\'{e}}kely, Gábor J.},
    number = {4},
    month = {10},
    pages = {435--447},
    volume = {58},
    publisher = {American Statistical Association},
    doi = {10.1080/00401706.2015.1054435},
    issn = {15372723},
    arxivId = {1410.1503},
    keywords = {Distance correlation, Fast algorithm, Statistical dependence}
}

@techreport{Vetterli2014FoundationsProcessing,
    title = {{Foundations of Signal Processing}},
    year = {2014},
    author = {Vetterl{\'{i}}, Martin and Kova{\v{c}}evi´c, Jelena Kovačevi´}
}

@techreport{Queloz2001FromMeasurements,
    title = {{From CORALIE to HARPS The Way Towards 1m s-1 Precision Doppler Measurements With the collaboration of the CORALIE Team: And for the HARPS Project: 1. Search for Extrasolar Planets by Precise Doppler Measurements}},
    year = {2001},
    author = {Queloz, D and Mayor, M and Udry, S and Burnet, M and Carrier, F and Eggenberger, A and Naef, D and Santos, N and Pepe, F and Rupprecht, G and Avila, G and Baeza, S and Benz, W and Bertaux, J.-L and Bouchy, F and Cavadore, C and Delabre, B and Eckert, W and Fischer, J and Fleury, M and Gilliotte, A and Goyak, D and Guzman, J C and Kohler, D and Lacroix, D and Lizon, J.-L and Megevand, D and Sivan, J.-P and Sosnowska, D and Weilenmann, U},
    number = {105}
}

@article{Raskin2011HERMES:Telescope,
    title = {{HERMES: A high-resolution fibre-fed spectrograph for the Mercator telescope}},
    year = {2011},
    journal = {Astronomy and Astrophysics},
    author = {Raskin, G. and Van Winckel, H. and Hensberge, H. and Jorissen, A. and Lehmann, H. and Waelkens, C. and Avila, G. and De Cuyper, J. P. and Degroote, P. and Dubosson, R. and Dumortier, L. and Fr{\'{e}}mat, Y. and Laux, U. and Michaud, B. and Morren, J. and Perez Padilla, J. and Pessemier, W. and Prins, S. and Smolders, K. and Van Eck, S. and Winkler, J.},
    number = {9},
    month = {2},
    volume = {526},
    doi = {10.1051/0004-6361/201015435},
    issn = {00046361},
    arxivId = {1011.0258},
    keywords = {instrumentation: spectrographs, stars: abundances, techniques: radial velocities, techniques: spectroscopic}
}

@unpublished{DeBeurs2022IdentifyingNetworks,
    title = {{Identifying Exoplanets with Deep Learning. IV. Removing Stellar Activity Signals from Radial Velocity Measurements Using Neural Networks}},
    year = {2022},
    author = {De Beurs, Zoe L and Vanderburg, Andrew and Shallue, Christopher J and Dumusque, Xavier and Cameron, Andrew Collier and Leet, Christopher and Buchhave, Lars A and Cosentino, Rosario and Ghedina, Adriano and Haywood, R D and Pepe, Francesco and Phillips, David F and Pinamonti, Matteo and Piotto, Giampaolo and Rice, Ken and Sasselov, Dimitar and Sozzetti, Alessandro and Udry, Stéphane and Watson, Christopher A and Fellow, Ernest Rutherford},
    volume = {13},
    isbn = {2011.00003v3},
    arxivId = {2011.00003v3},
    keywords = {artificial intelligence, planetary systems, radial velocity method, stellar activity}
}

@inproceedings{DumusqueLineActivity,
    title = {{Line by line radial velocities to mitigate stellar activity}},
    author = {Dumusque, Xavier}
}

@article{Szekely2007MeasuringDistances,
    title = {{Measuring and testing dependence by correlation of distances}},
    year = {2007},
    journal = {Annals of Statistics},
    author = {Sz{\'{e}}kely, Gábor J. and Rizzo, Maria L. and Bakirov, Nail K.},
    number = {6},
    month = {12},
    pages = {2769--2794},
    volume = {35},
    doi = {10.1214/009053607000000505},
    issn = {00905364},
    keywords = {Distance correlation, Distance covariance, Multivariate independence}
}

@article{Bellotti2022MitigatingSelection,
    title = {{Mitigating stellar activity jitter with different line lists for least-squares deconvolution: Analysis of a parametric and a randomised line selection}},
    year = {2022},
    journal = {Astronomy and Astrophysics},
    author = {Bellotti, S. and Petit, P. and Morin, J. and Hussain, G. A.J. and Folsom, C. P. and Carmona, A. and Delfosse, X. and Moutou, C.},
    month = {1},
    volume = {657},
    publisher = {EDP Sciences},
    doi = {10.1051/0004-6361/202141812},
    issn = {14320746},
    arxivId = {2110.10633},
    keywords = {Methods: data analysis, Stars: Activity, Techniques: polarimetric, Techniques: radial velocities}
}

@article{Rudolf2016ModellingSpectra,
    title = {{Modelling telluric line spectra in the optical and infrared with an application to VLT/X-Shooter spectra}},
    year = {2016},
    journal = {Astronomy and Astrophysics},
    author = {Rudolf, N. and G{\"{u}}nther, H. M. and Schneider, P. C. and Schmitt, J. H.M.M.},
    month = {1},
    volume = {585},
    publisher = {EDP Sciences},
    doi = {10.1051/0004-6361/201322749},
    issn = {14320746},
    arxivId = {1511.04641},
    keywords = {Atmospheric effects, Instrumentation: spectrographs, Methods: data analysis, Methods: observational}
}

@book{Feigelson2012ModernAstronomy,
    title = {{Modern Statistical Methods for Astronomy}},
    year = {2012},
    author = {Feigelson, Eric D. and Babu, Jogesh G.},
    edition = {},
    publisher = {Cambridge University Press},
    url = {www.cambridge.org/msma.}
}

@article{Wilk1995MythologicalStars,
    title = {{Mythological evidence for ancient observations of variable stars}},
    year = {1995},
    journal = {JAAVSO},
    author = {Wilk, Stephen R.},
    volume = {24}
}

@article{Binnenfeld2021NewVariation,
    title = {{New Periodograms Separating Orbital Radial Velocities and Spectral Shape Variation}},
    year = {2021},
    author = {Binnenfeld, A and Shahaf, S and Anderson, R and Zucker, S},
    isbn = {2111.02383v3},
    arxivId = {2111.02383v3},
    keywords = {S Muscae-stars, detection-methods, individ-ual, individual, oscillations-stars, planets and satellites, spectroscopic-stars, statistical-techniques, {$\beta$} Dorado}
}

@article{Queloz2001No166435,
    title = {{No planet for HD 166435}},
    year = {2001},
    journal = {Astronomy and Astrophysics},
    author = {Queloz, D. and Henry, G. W. and Sivan, J. P. and Baliunas, S. L. and Beuzit, J. L. and Donahue, R. A. and Mayor, M. and Naef, D. and Perrier, C. and Udry, S.},
    number = {1},
    month = {11},
    pages = {279--287},
    volume = {379},
    publisher = {EDP Sciences},
    doi = {10.1051/0004-6361:20011308},
    issn = {00046361},
    arxivId = {astro-ph/0109491},
    keywords = {Individual: HD 166435, Planetary systems, Stars: activity}
}

@article{Queloz2001No166435b,
    title = {{No planet for HD 166435}},
    year = {2001},
    journal = {Astronomy and Astrophysics},
    author = {Queloz, D. and Henry, G. W. and Sivan, J. P. and Baliunas, S. L. and Beuzit, J. L. and Donahue, R. A. and Mayor, M. and Naef, D. and Perrier, C. and Udry, S.},
    number = {1},
    month = {11},
    pages = {279--287},
    volume = {379},
    publisher = {EDP Sciences},
    doi = {10.1051/0004-6361:20011308},
    issn = {00046361},
    arxivId = {astro-ph/0109491},
    keywords = {Individual: HD 166435, Planetary systems, Stars: activity}
}

@book{Aristotle2020OnHeavens,
    title = {{On the Heavens}},
    year = {2020},
    author = {{Aristotle}},
    volume = {}
}

@article{Szekely2014PartialDissimilarities,
    title = {{Partial distance correlation with methods for dissimilarities}},
    year = {2014},
    journal = {Annals of Statistics},
    author = {Sz{\'{e}}kely, Gábor J. and Rizzo, Maria L.},
    number = {6},
    month = {12},
    pages = {2382--2412},
    volume = {42},
    publisher = {Institute of Mathematical Statistics},
    doi = {10.1214/14-AOS1255},
    issn = {21688966},
    arxivId = {1310.2926},
    keywords = {Dissimilarity, Energy statistics, Independence, Multivariate, Partial distance correlation}
}

@article{Cretignier2020RASSINE:Code,
    title = {{RASSINE: Interactive tool for normalising stellar spectra: I. Description and performance of the code}},
    year = {2020},
    journal = {Astronomy and Astrophysics},
    author = {Cretignier, M. and Francfort, J. and Dumusque, X. and Allart, R. and Pepe, F.},
    month = {8},
    volume = {640},
    publisher = {EDP Sciences},
    doi = {10.1051/0004-6361/202037722},
    issn = {14320746},
    arxivId = {2006.13098},
    keywords = {Methods: data analysis, Methods: numerical, Techniques: spectroscopic}
}

@phdthesis{KienzleResonancesHypergeantes,
    title = {{R{\'{e}}sonances et multip{\'{e}}riodicit{\'{e}} des c{\'{e}}ph{\'{e}}ides et des hyperg{\'{e}}antes}},
    author = {Kienzle, Francesco},
    doi = {10.13097/archive-ouverte/unige:87826}
}

@techreport{Cao2014SpringerStatistics,
    title = {{Springer Proceedings in Mathematics {\&} Statistics}},
    year = {2014},
    author = {Cao, Ricardo and Gonz{\'{a}}lez, Wenceslao and Romo, Manteiga Juan},
    url = {http://www.springer.com/series/10533}
}

@article{Lubin2021StellarPositive,
    title = {{Stellar Activity Manifesting at a One-year Alias Explains Barnard b as a False Positive}},
    year = {2021},
    journal = {The Astronomical Journal},
    author = {Lubin, Jack and Robertson, Paul and Stefansson, Gudmundur and Ninan, Joe and Mahadevan, Suvrath and Endl, Michael and Ford, Eric and Wright, Jason T. and Beard, Corey and Bender, Chad and Cochran, William D. and Diddams, Scott A. and Fredrick, Connor and Halverson, Samuel and Kanodia, Shubham and Metcalf, Andrew J. and Ramsey, Lawrence and Roy, Arpita and Schwab, Christian and Terrien, Ryan},
    number = {2},
    month = {8},
    pages = {61},
    volume = {162},
    publisher = {American Astronomical Society},
    doi = {10.3847/1538-3881/ac0057},
    issn = {0004-6256},
    arxivId = {2105.07005}
}

@book{Hearnshaw2014TheStarlight,
    title = {{The Analysis of Starlight}},
    year = {2014},
    author = {Hearnshaw, J.B.},
    edition = {Second},
    publisher = {Cambridge University Press}
}

@article{Shen2019TheCorrelation,
    title = {{The Chi-Square Test of Distance Correlation}},
    year = {2019},
    author = {Shen, Cencheng and Panda, Sambit and Vogelstein, Joshua T.},
    month = {12},
    url = {http://arxiv.org/abs/1912.12150 http://dx.doi.org/10.1080/10618600.2021.1938585},
    doi = {10.1080/10618600.2021.1938585},
    arxivId = {1912.12150}
}

@article{VanderPlas2018UnderstandingPeriodogram,
    title = {{Understanding the Lomb–Scargle Periodogram}},
    year = {2018},
    journal = {The Astrophysical Journal Supplement Series},
    author = {VanderPlas, Jacob T.},
    number = {1},
    month = {5},
    pages = {16},
    volume = {236},
    publisher = {American Astronomical Society},
    doi = {10.3847/1538-4365/aab766},
    issn = {00670049},
    arxivId = {1703.09824}
}

@techreport{Binnenfeld2020USuRPER:Spectra,
    title = {{USuRPER: Unit-sphere representation periodogram for full spectra}},
    year = {2020},
    author = {Binnenfeld, A and Shahaf, S and Zucker, S},
    isbn = {2007.13771v2},
    arxivId = {2007.13771v2},
    keywords = {HD 115226, data analysis-methods, individual, methods, oscillations-stars, spectroscopic-binaries, spectroscopic-stars, statistical-techniques}
}

@article{Eyer2007VariableDiagram,
    title = {{Variable stars across the observational HR diagram}},
    year = {2007},
    author = {Eyer, Laurent and Mowlavi, Nami},
    month = {12},
    url = {http://arxiv.org/abs/0712.3797 http://dx.doi.org/10.1088/1742-6596/118/1/012010},
    doi = {10.1088/1742-6596/118/1/012010},
    arxivId = {0712.3797}
}

@techreport{Eyer1999VariableFrequency,
    title = {{Variable stars: Which Nyquist frequency?}},
    year = {1999},
    booktitle = {PAGE 1 SUPPLEMENT SERIES Astron. Astrophys. Suppl. Ser},
    author = {Eyer, L and Bartholdi, P},
    pages = {1--3},
    volume = {135},
    keywords = {analytical-methods, data analysis, stars, variable-methods}
}

@unpublished{Anderson2023VELOCECepheids,
    title = {{VELOCE ⋆ I. High-precision Radial Velocities of Cepheids}},
    year = {2023},
    author = {Anderson, Richard Irving and Viviani, Giordano and Shetye, Shreeya S. and Mowlavi, Nami and Eyer, Laurent and Palaversa, Lovro and Holl, Berry and Kravchenko, Kateryna and Pawlak, Michaa L. and Reyes, Mauricio Cruz and Khan, Saniya and Netzel, Henryka E. and L{\"{o}}bling, Lisa and P{\'{a}}pics, Péter I. and Postel, Andreas and Roelens, Maroussia and Spetsieri, Zoi T. and Thoul, Anne and Ji{\v{r}}{\'{i}}{\v{z}}{\'{a}}k, Jiří Jiříˇ and Bonvin, Vivien and Martin, David V and Millon, Martin and Saesen, Sophie and Wyttenbach, Aurélien and Figueira, Pedro and Marmier, Maxime and Prins, Saskia and Raskin, Gert and Van Winckel, Hans},
    url = {https://cds.u-strasbg.fr/},
    keywords = {Cepheids-Stars, Stars, oscillations-binaries, radial velocities, spectroscopic-Techniques, variables}
}